<record><leader>00000cas a22000007a 4500</leader><controlfield tag="001">18399465</controlfield><controlfield tag="008">880825d19091957okuwr ne      0    0eng d</controlfield><datafield ind1=" " ind2=" " tag="010"><subfield code="a">sn 88084136 </subfield></datafield><datafield ind1=" " ind2=" " tag="040"><subfield code="a">PPM</subfield><subfield code="b">eng</subfield><subfield code="c">PPM</subfield><subfield code="d">OBN</subfield><subfield code="d">OCL</subfield><subfield code="d">OCLCQ</subfield></datafield><datafield ind1=" " ind2=" " tag="042"><subfield code="a">msc</subfield></datafield><datafield ind1="0" ind2="4" tag="245"><subfield code="a">The Indian citizen-democrat.</subfield></datafield><datafield ind1=" " ind2=" " tag="260"><subfield code="a">Atoka, Okla. :</subfield><subfield code="b">D.O. Groff</subfield></datafield><datafield ind1=" " ind2=" " tag="300"><subfield code="a">v.</subfield></datafield><datafield ind1=" " ind2=" " tag="310"><subfield code="a">Weekly</subfield></datafield><datafield ind1="0" ind2=" " tag="362"><subfield code="a">Vol. 1, no. 1 (Aug. 12, 1909)-v. 66, no. 134 (Dec. 26, 1957).</subfield></datafield><datafield ind1=" " ind2="4" tag="651"><subfield code="a">Atoka (Okla.)</subfield><subfield code="v">Newspapers.</subfield></datafield><datafield ind1=" " ind2="4" tag="651"><subfield code="a">Atoka County (Okla.)</subfield><subfield code="v">Newspapers.</subfield></datafield><datafield ind1=" " ind2=" " tag="752"><subfield code="a">United States</subfield><subfield code="b">Oklahoma</subfield><subfield code="c">Atoka</subfield><subfield code="d">Atoka.</subfield></datafield><datafield ind1="0" ind2="0" tag="780"><subfield code="t">Atoka democrat and Indian citizen</subfield><subfield code="w">(DLC)sn 93065931</subfield><subfield code="w">(OCoLC)27319768</subfield></datafield><datafield ind1="0" ind2="0" tag="785"><subfield code="t">Indian citizen (Atoka, Okla. : 1958)</subfield><subfield code="w">(DLC)sn 93065940</subfield><subfield code="w">(OOCoLC)27344982</subfield></datafield><datafield ind1="0" ind2="5" tag="785"><subfield code="t">Atoka County gazette</subfield><subfield code="w">(DLC)sn 93065928</subfield><subfield code="w">(OCoLC)27319886</subfield></datafield><datafield ind1="1" ind2=" " tag="029"><subfield code="a">AU@</subfield><subfield code="b">000020521191</subfield></datafield></record>